@manual{1,
  author = {TU Dortmund},
  title = {Anleitung zum Versuch 303: Der Lock-In-Verst√§rker},
  year = "2017"
}
