@manual{1,
  author = {TU Dortmund},
  title = {Anleitung zum Versuch 353: Das Relaxationsverhalten eines RC-Kreises},
  year = 2017
}
