@manual{1,
  author = {TU Dortmund},
  title = {Anleitung zum Versuch 353:  Das Relaxationsverhalten eines RC-
Kreises},
  year = 2017
}

@manual{2,
  author = {TU Dortmund},
  title = {Anleitung zum Versuch 354: Ged√§mpfte und erzwungene Schwinungen},
  year = 2017
}
