@manual{1,
  author = {TU Dortmund},
  title = {Anleitung zum Versuch 351: Fourier-Analyse und Synthese},
  year = 2017
}
