@manual{1,
  author = {TU Dortmund},
  title = {Anleitung zum Versuch 101: Das Tr√§gheitsmoment},
  year = 2017
}
