@manual{1,
  author = {TU Dortmund},
  title = {Anleitung zum Versuch 301: Leerlaufspannung und Innenwiderstand von Spannungsquellen},
  year = "2017"
}
